%
% Add your bibtex items here:
@ARTICLE{2016MNRAS.457..786S,
   author = {{Suchyta}, E. and {Huff}, E.~M. and {Aleksi{\'c}}, J. and {Melchior}, P. and
	{Jouvel}, S. and {MacCrann}, N. and {Ross}, A.~J. and {Crocce}, M. and
	{Gaztanaga}, E. and {Honscheid}, K. and {Leistedt}, B. and {Peiris}, H.~V. and
	{Rykoff}, E.~S. and {Sheldon}, E. and {Abbott}, T. and {Abdalla}, F.~B. and
	{Allam}, S. and {Banerji}, M. and {Benoit-L{\'e}vy}, A. and
	{Bertin}, E. and {Brooks}, D. and {Burke}, D.~L. and {Carnero Rosell}, A. and
	{Carrasco Kind}, M. and {Carretero}, J. and {Cunha}, C.~E. and
	{D'Andrea}, C.~B. and {da Costa}, L.~N. and {DePoy}, D.~L. and
	{Desai}, S. and {Diehl}, H.~T. and {Dietrich}, J.~P. and {Doel}, P. and
	{Eifler}, T.~F. and {Estrada}, J. and {Evrard}, A.~E. and {Flaugher}, B. and
	{Fosalba}, P. and {Frieman}, J. and {Gerdes}, D.~W. and {Gruen}, D. and
	{Gruendl}, R.~A. and {James}, D.~J. and {Jarvis}, M. and {Kuehn}, K. and
	{Kuropatkin}, N. and {Lahav}, O. and {Lima}, M. and {Maia}, M.~A.~G. and
	{March}, M. and {Marshall}, J.~L. and {Miller}, C.~J. and {Miquel}, R. and
	{Neilsen}, E. and {Nichol}, R.~C. and {Nord}, B. and {Ogando}, R. and
	{Percival}, W.~J. and {Reil}, K. and {Roodman}, A. and {Sako}, M. and
	{Sanchez}, E. and {Scarpine}, V. and {Sevilla-Noarbe}, I. and
	{Smith}, R.~C. and {Soares-Santos}, M. and {Sobreira}, F. and
	{Swanson}, M.~E.~C. and {Tarle}, G. and {Thaler}, J. and {Thomas}, D. and
	{Vikram}, V. and {Walker}, A.~R. and {Wechsler}, R.~H. and {Zhang}, Y. and
	{DES Collaboration}},
    title = "{No galaxy left behind: accurate measurements with the faintest objects in the Dark Energy Survey}",
  journal = {\mnras},
archivePrefix = "arXiv",
   eprint = {1507.08336},
 keywords = {methods: data analysis, methods: miscellaneous, techniques: image processing, galaxies: statistics},
     year = 2016,
    month = mar,
   volume = 457,
    pages = {786-808},
      doi = {10.1093/mnras/stv2953},
   adsurl = {http://adsabs.harvard.edu/abs/2016MNRAS.457..786S},
  adsnote = {Provided by the SAO/NASA Astrophysics Data System}
}
@ARTICLE{2016ApJ...817...25B,
   author = {{Bruderer}, C. and {Chang}, C. and {Refregier}, A. and {Amara}, A. and
	{Berg{\'e}}, J. and {Gamper}, L.},
    title = "{Calibrated Ultra Fast Image Simulations for the Dark Energy Survey}",
  journal = {\apj},
archivePrefix = "arXiv",
   eprint = {1504.02778},
 keywords = {gravitational lensing: weak, methods: numerical, methods: statistical, surveys},
     year = 2016,
    month = jan,
   volume = 817,
      eid = {25},
    pages = {25},
      doi = {10.3847/0004-637X/817/1/25},
   adsurl = {http://adsabs.harvard.edu/abs/2016ApJ...817...25B},
  adsnote = {Provided by the SAO/NASA Astrophysics Data System}
}
@book{Brun:118715,
      author        = "Brun, R and Hagelberg, R and Hansroul, M and Lassalle, J
                       C",
      title         = "{Simulation program for particle physics experiments,
                       GEANT: user guide and reference manual}",
      publisher     = "CERN",
      address       = "Geneva",
      year          = "1978",
      url           = "https://cds.cern.ch/record/118715",
}
@ARTICLE{2006JHEP...05..026S,
   author = {{Sj{\"o}strand}, T. and {Mrenna}, S. and {Skands}, P.},
    title = "{PYTHIA 6.4 physics and manual}",
  journal = {Journal of High Energy Physics},
   eprint = {hep-ph/0603175},
     year = 2006,
    month = may,
   volume = 5,
      eid = {026},
    pages = {026},
      doi = {10.1088/1126-6708/2006/05/026},
   adsurl = {http://adsabs.harvard.edu/abs/2006JHEP...05..026S},
  adsnote = {Provided by the SAO/NASA Astrophysics Data System}
}
@ARTICLE{2016arXiv161100036D,
   author = {{DESI Collaboration} and {Aghamousa}, A. and {Aguilar}, J. and
	{Ahlen}, S. and {Alam}, S. and {Allen}, L.~E. and {Allende Prieto}, C. and
	{Annis}, J. and {Bailey}, S. and {Balland}, C. and et al.},
    title = "{The DESI Experiment Part I: Science,Targeting, and Survey Design}",
  journal = {ArXiv e-prints},
archivePrefix = "arXiv",
   eprint = {1611.00036},
 primaryClass = "astro-ph.IM",
 keywords = {Astrophysics - Instrumentation and Methods for Astrophysics, Astrophysics - Cosmology and Nongalactic Astrophysics},
     year = 2016,
    month = oct,
   adsurl = {http://adsabs.harvard.edu/abs/2016arXiv161100036D},
  adsnote = {Provided by the SAO/NASA Astrophysics Data System}
}
@ARTICLE{2006astro.ph..9591A,
   author = {{Albrecht}, A. and {Bernstein}, G. and {Cahn}, R. and {Freedman}, W.~L. and
	{Hewitt}, J. and {Hu}, W. and {Huth}, J. and {Kamionkowski}, M. and
	{Kolb}, E.~W. and {Knox}, L. and {Mather}, J.~C. and {Staggs}, S. and
	{Suntzeff}, N.~B.},
    title = "{Report of the Dark Energy Task Force}",
  journal = {ArXiv Astrophysics e-prints},
   eprint = {astro-ph/0609591},
 keywords = {Astrophysics},
     year = 2006,
    month = sep,
   adsurl = {http://adsabs.harvard.edu/abs/2006astro.ph..9591A},
  adsnote = {Provided by the SAO/NASA Astrophysics Data System}
}
@ARTICLE{2008arXiv0805.2366I,
   author = {{Ivezic}, Z. and {Tyson}, J.~A. and {Abel}, B. and {Acosta}, E. and
	{Allsman}, R. and {AlSayyad}, Y. and {Anderson}, S.~F. and {Andrew}, J. and
	{Angel}, R. and {Angeli}, G. and {Ansari}, R. and {Antilogus}, P. and
	{Arndt}, K.~T. and {Astier}, P. and {Aubourg}, E. and {Axelrod}, T. and
	{Bard}, D.~J. and {Barr}, J.~D. and {Barrau}, A. and {Bartlett}, J.~G. and
	{Bauman}, B.~J. and {Beaumont}, S. and {Becker}, A.~C. and {Becla}, J. and
	{Beldica}, C. and {Bellavia}, S. and {Blanc}, G. and {Blandford}, R.~D. and
	{Bloom}, J.~S. and {Bogart}, J. and {Borne}, K. and {Bosch}, J.~F. and
	{Boutigny}, D. and {Brandt}, W.~N. and {Brown}, M.~E. and {Bullock}, J.~S. and
	{Burchat}, P. and {Burke}, D.~L. and {Cagnoli}, G. and {Calabrese}, D. and et al.
	},
    title = "{LSST: from Science Drivers to Reference Design and Anticipated Data Products}",
  journal = {ArXiv e-prints},
archivePrefix = "arXiv",
   eprint = {0805.2366},
 keywords = {Astrophysics},
     year = 2008,
    month = may,
   adsurl = {http://adsabs.harvard.edu/abs/2008arXiv0805.2366I},
  adsnote = {Provided by the SAO/NASA Astrophysics Data System}
}
@ARTICLE{2015A&C....10..121R,
   author = {{Rowe}, B.~T.~P. and {Jarvis}, M. and {Mandelbaum}, R. and {Bernstein}, G.~M. and
	{Bosch}, J. and {Simet}, M. and {Meyers}, J.~E. and {Kacprzak}, T. and
	{Nakajima}, R. and {Zuntz}, J. and {Miyatake}, H. and {Dietrich}, J.~P. and
	{Armstrong}, R. and {Melchior}, P. and {Gill}, M.~S.~S.},
    title = "{GALSIM: The modular galaxy image simulation toolkit}",
  journal = {Astronomy and Computing},
archivePrefix = "arXiv",
   eprint = {1407.7676},
 primaryClass = "astro-ph.IM",
 keywords = {Methods: data analysis, Techniques: image processing, Gravitational lensing, Cosmology: observations},
     year = 2015,
    month = apr,
   volume = 10,
    pages = {121-150},
      doi = {10.1016/j.ascom.2015.02.002},
   adsurl = {http://adsabs.harvard.edu/abs/2015A%26C....10..121R},
  adsnote = {Provided by the SAO/NASA Astrophysics Data System}
}
@ARTICLE{2015ApJS..218...14P,
   author = {{Peterson}, J.~R. and {Jernigan}, J.~G. and {Kahn}, S.~M. and
	{Rasmussen}, A.~P. and {Peng}, E. and {Ahmad}, Z. and {Bankert}, J. and
	{Chang}, C. and {Claver}, C. and {Gilmore}, D.~K. and {Grace}, E. and
	{Hannel}, M. and {Hodge}, M. and {Lorenz}, S. and {Lupu}, A. and
	{Meert}, A. and {Nagarajan}, S. and {Todd}, N. and {Winans}, A. and
	{Young}, M.},
    title = "{Simulation of Astronomical Images from Optical Survey Telescopes Using a Comprehensive Photon Monte Carlo Approach}",
  journal = {\apjs},
archivePrefix = "arXiv",
   eprint = {1504.06570},
 primaryClass = "astro-ph.IM",
 keywords = {atmospheric effects, cosmology: observations, Galaxy: structure, instrumentation: detectors, surveys, telescopes},
     year = 2015,
    month = may,
   volume = 218,
      eid = {14},
    pages = {14},
      doi = {10.1088/0067-0049/218/1/14},
   adsurl = {http://adsabs.harvard.edu/abs/2015ApJS..218...14P},
  adsnote = {Provided by the SAO/NASA Astrophysics Data System}
}
@ARTICLE{2015arXiv151207914J,
   author = {{Juri{\'c}}, M. and {Kantor}, J. and {Lim}, K. and {Lupton}, R.~H. and
	{Dubois-Felsmann}, G. and {Jenness}, T. and {Axelrod}, T.~S. and
	{Aleksi{\'c}}, J. and {Allsman}, R.~A. and {AlSayyad}, Y. and
	{Alt}, J. and {Armstrong}, R. and {Basney}, J. and {Becker}, A.~C. and
	{Becla}, J. and {Bickerton}, S.~J. and {Biswas}, R. and {Bosch}, J. and
	{Boutigny}, D. and {Carrasco Kind}, M. and {Ciardi}, D.~R. and
	{Connolly}, A.~J. and {Daniel}, S.~F. and {Daues}, G.~E. and
	{Economou}, F. and {Chiang}, H.-F. and {Fausti}, A. and {Fisher-Levine}, M. and
	{Freemon}, D.~M. and {Gee}, P. and {Gris}, P. and {Hernandez}, F. and
	{Hoblitt}, J. and {Ivezi{\'c}}, {\v Z}. and {Jammes}, F. and
	{Jevremovi{\'c}}, D. and {Jones}, R.~L. and {Bryce Kalmbach}, J. and
	{Kasliwal}, V.~P. and {Krughoff}, K.~S. and {Lang}, D. and {Lurie}, J. and
	{Lust}, N.~B. and {Mullally}, F. and {MacArthur}, L.~A. and
	{Melchior}, P. and {Moeyens}, J. and {Nidever}, D.~L. and {Owen}, R. and
	{Parejko}, J.~K and {Peterson}, J.~M. and {Petravick}, D. and
	{Pietrowicz}, S.~R. and {Price}, P.~A. and {Reiss}, D.~J. and
	{Shaw}, R.~A. and {Sick}, J. and {Slater}, C.~T. and {Strauss}, M.~A. and
	{Sullivan}, I.~S. and {Swinbank}, J.~D. and {Van Dyk}, S. and
	{Vuj{\v c}i{\'c}}, V. and {Withers}, A. and {Yoachim}, P. and
	{LSST Project}, f.~t.},
    title = "{The LSST Data Management System}",
  journal = {ArXiv e-prints},
archivePrefix = "arXiv",
   eprint = {1512.07914},
 primaryClass = "astro-ph.IM",
 keywords = {Astrophysics - Instrumentation and Methods for Astrophysics},
     year = 2015,
    month = dec,
   adsurl = {http://adsabs.harvard.edu/abs/2015arXiv151207914J},
  adsnote = {Provided by the SAO/NASA Astrophysics Data System}
}
@article{scikit-learn,
 title={Scikit-learn: Machine Learning in {P}ython},
 author={Pedregosa, F. and Varoquaux, G. and Gramfort, A. and Michel, V.
         and Thirion, B. and Grisel, O. and Blondel, M. and Prettenhofer, P.
         and Weiss, R. and Dubourg, V. and Vanderplas, J. and Passos, A. and
         Cournapeau, D. and Brucher, M. and Perrot, M. and Duchesnay, E.},
 journal={Journal of Machine Learning Research},
 volume={12},
 pages={2825--2830},
 year={2011}
}
@ARTICLE{2017arXiv170506766B,
   author = {{Bosch}, J. and {Armstrong}, R. and {Bickerton}, S. and {Furusawa}, H. and
	{Ikeda}, H. and {Koike}, M. and {Lupton}, R. and {Mineo}, S. and
	{Price}, P. and {Takata}, T. and {Tanaka}, M. and {Yasuda}, N. and
	{AlSayyad}, Y. and {Becker}, A.~C. and {Coulton}, W. and {Coupon}, J. and
	{Garmilla}, J. and {Huang}, S. and {Krughoff}, K.~S. and {Lang}, D. and
	{Leauthaud}, A. and {Lim}, K.-T. and {Lust}, N.~B. and {MacArthur}, L.~A. and
	{Mandelbaum}, R. and {Miyatake}, H. and {Miyazaki}, S. and {Murata}, R. and
	{More}, S. and {Okura}, Y. and {Owen}, R. and {Swinbank}, J.~D. and
	{Strauss}, M.~A. and {Yamada}, Y. and {Yamanoi}, H.},
    title = "{The Hyper Suprime-Cam Software Pipeline}",
  journal = {ArXiv e-prints},
archivePrefix = "arXiv",
   eprint = {1705.06766},
 primaryClass = "astro-ph.IM",
 keywords = {Astrophysics - Instrumentation and Methods for Astrophysics},
     year = 2017,
    month = may,
   adsurl = {http://adsabs.harvard.edu/abs/2017arXiv170506766B},
  adsnote = {Provided by the SAO/NASA Astrophysics Data System}
}
@ARTICLE{1991PASP..103.1033K,
   author = {{Krisciunas}, K. and {Schaefer}, B.~E.},
    title = "{A model of the brightness of moonlight}",
  journal = {\pasp},
 keywords = {Astronomical Models, Atmospheric Scattering, Lunar Luminescence, Sky Brightness, Charge Coupled Devices, Reflected Waves, Scattering Functions},
     year = 1991,
    month = sep,
   volume = 103,
    pages = {1033-1039},
      doi = {10.1086/132921},
   adsurl = {http://adsabs.harvard.edu/abs/1991PASP..103.1033K},
  adsnote = {Provided by the SAO/NASA Astrophysics Data System}
}
@ARTICLE{1963BAAA....6...41S,
   author = {{S{\'e}rsic}, J.~L.},
    title = "{Influence of the atmospheric and instrumental dispersion on the brightness distribution in a galaxy}",
  journal = {Boletin de la Asociacion Argentina de Astronomia La Plata Argentina},
     year = 1963,
   volume = 6,
    pages = {41},
   adsurl = {http://adsabs.harvard.edu/abs/1963BAAA....6...41S},
  adsnote = {Provided by the SAO/NASA Astrophysics Data System}
}
@ARTICLE{2005ApJ...622..759G,
   author = {{G{\'o}rski}, K.~M. and {Hivon}, E. and {Banday}, A.~J. and
	{Wandelt}, B.~D. and {Hansen}, F.~K. and {Reinecke}, M. and
	{Bartelmann}, M.},
    title = "{HEALPix: A Framework for High-Resolution Discretization and Fast Analysis of Data Distributed on the Sphere}",
  journal = {\apj},
   eprint = {astro-ph/0409513},
 keywords = {Cosmology: Cosmic Microwave Background, Cosmology: Observations, Methods: Statistical},
     year = 2005,
    month = apr,
   volume = 622,
    pages = {759-771},
      doi = {10.1086/427976},
   adsurl = {http://adsabs.harvard.edu/abs/2005ApJ...622..759G},
  adsnote = {Provided by the SAO/NASA Astrophysics Data System}
}

%
